@phdthesis{gjthesis,
  title={Parameter estimation and Bessel processes in financial models and numerical analysis in Hamiltonian dynamics},
  author={G{\"o}ing-Jaeschke, Anja and others},
  year={1998},
  school={Diss. Math. Wiss. ETH Z{\"u}rich, Nr. 12566, 1998. Ref.: P. Embrechts; Korref.: H. Hofer}
}
@article{artstein-avidan-ostrover,
  title={Bounds for Minkowski billiard trajectories in convex bodies},
  author={Artstein-Avidan, Shiri and Ostrover, Yaron},
  journal={International Mathematics Research Notices},
  volume={2014},
  number={1},
  pages={165--193},
  year={2014},
  publisher={Oxford University Press}
}